1, No. Framing Discussions on the Weaponization of Increasingly Autonomous Technologies (n.d.): n. pag. UNIDIR, 2014. Web. 17 Feb. 2015.

Hsu, Jeremy. "U.S. Navy Tests Robot Boat Swarm to Overwhelm Enemies." IEEE Spectrum. N.p., 5 Oct. 2014. Web. 17 Feb. 2015.

Kurzweil, Ray. "Don't Fear Artificial Intelligence." Time. Time, 19 Dec. 2014. Web. 02 Mar. 2015.

"Report of the 2014 Informal Meeting of Experts on Lethal Autonomous Weapons Systems (LAWS)." Meeting of the High Contracting Parties to the Convention on Prohibitions or Restrictions on the Use of Certain Conventional Weapons Which May Be Deemed to Be Excessively Injurious or to Have Indiscriminate Effects, 11 June 2014. Web. 01 Mar. 2015.

Schmitt, Michael N. FEATURES Autonomous Weapon Systems and International Humanitarian Law: A Reply to the Critics (n.d.): n. pag. 2013. Web. 17 Feb. 2015.

"UN Meeting Targets 'killer Robots'" UN News Center. UN, 14 May 2014. Web. 17 Feb. 2015.

@article{greenwade93,
    author  = "George D. Greenwade",
    title   = "The {C}omprehensive {T}ex {A}rchive {N}etwork ({CTAN})",
    year    = "1993",
    journal = "TUGBoat",
    volume  = "14",
    number  = "3",
    pages   = "342--351"
}